%YAML 1.1
%TAG !u! tag:unity3d.com,2011:
--- !u!29 &1
OcclusionCullingSettings:
  m_ObjectHideFlags: 0
  serializedVersion: 2
  m_OcclusionBakeSettings:
    smallestOccluder: 5
    smallestHole: 0.25
    backfaceThreshold: 100
  m_SceneGUID: 00000000000000000000000000000000
  m_OcclusionCullingData: {fileID: 0}
--- !u!104 &2
RenderSettings:
  m_ObjectHideFlags: 0
  serializedVersion: 9
  m_Fog: 0
  m_FogColor: {r: 0.5, g: 0.5, b: 0.5, a: 1}
  m_FogMode: 3
  m_FogDensity: 0.01
  m_LinearFogStart: 0
  m_LinearFogEnd: 300
  m_AmbientSkyColor: {r: 0.212, g: 0.227, b: 0.259, a: 1}
  m_AmbientEquatorColor: {r: 0.114, g: 0.125, b: 0.133, a: 1}
  m_AmbientGroundColor: {r: 0.047, g: 0.043, b: 0.035, a: 1}
  m_AmbientIntensity: 1
  m_AmbientMode: 3
  m_SubtractiveShadowColor: {r: 0.42, g: 0.478, b: 0.627, a: 1}
  m_SkyboxMaterial: {fileID: 0}
  m_HaloStrength: 0.5
  m_FlareStrength: 1
  m_FlareFadeSpeed: 3
  m_HaloTexture: {fileID: 0}
  m_SpotCookie: {fileID: 10001, guid: 0000000000000000e000000000000000, type: 0}
  m_DefaultReflectionMode: 0
  m_DefaultReflectionResolution: 128
  m_ReflectionBounces: 1
  m_ReflectionIntensity: 1
  m_CustomReflection: {fileID: 0}
  m_Sun: {fileID: 0}
  m_IndirectSpecularColor: {r: 0, g: 0, b: 0, a: 1}
  m_UseRadianceAmbientProbe: 0
--- !u!157 &3
LightmapSettings:
  m_ObjectHideFlags: 0
  serializedVersion: 11
  m_GIWorkflowMode: 1
  m_GISettings:
    serializedVersion: 2
    m_BounceScale: 1
    m_IndirectOutputScale: 1
    m_AlbedoBoost: 1
    m_EnvironmentLightingMode: 0
    m_EnableBakedLightmaps: 0
    m_EnableRealtimeLightmaps: 0
  m_LightmapEditorSettings:
    serializedVersion: 10
    m_Resolution: 2
    m_BakeResolution: 40
    m_AtlasSize: 1024
    m_AO: 0
    m_AOMaxDistance: 1
    m_CompAOExponent: 1
    m_CompAOExponentDirect: 0
    m_Padding: 2
    m_LightmapParameters: {fileID: 0}
    m_LightmapsBakeMode: 1
    m_TextureCompression: 1
    m_FinalGather: 0
    m_FinalGatherFiltering: 1
    m_FinalGatherRayCount: 256
    m_ReflectionCompression: 2
    m_MixedBakeMode: 2
    m_BakeBackend: 1
    m_PVRSampling: 1
    m_PVRDirectSampleCount: 32
    m_PVRSampleCount: 500
    m_PVRBounces: 2
    m_PVRFilterTypeDirect: 0
    m_PVRFilterTypeIndirect: 0
    m_PVRFilterTypeAO: 0
    m_PVRFilteringMode: 1
    m_PVRCulling: 1
    m_PVRFilteringGaussRadiusDirect: 1
    m_PVRFilteringGaussRadiusIndirect: 5
    m_PVRFilteringGaussRadiusAO: 2
    m_PVRFilteringAtrousPositionSigmaDirect: 0.5
    m_PVRFilteringAtrousPositionSigmaIndirect: 2
    m_PVRFilteringAtrousPositionSigmaAO: 1
    m_ShowResolutionOverlay: 1
  m_LightingDataAsset: {fileID: 0}
  m_UseShadowmask: 1
--- !u!196 &4
NavMeshSettings:
  serializedVersion: 2
  m_ObjectHideFlags: 0
  m_BuildSettings:
    serializedVersion: 2
    agentTypeID: 0
    agentRadius: 0.5
    agentHeight: 2
    agentSlope: 45
    agentClimb: 0.4
    ledgeDropHeight: 0
    maxJumpAcrossDistance: 0
    minRegionArea: 2
    manualCellSize: 0
    cellSize: 0.16666667
    manualTileSize: 0
    tileSize: 256
    accuratePlacement: 0
    debug:
      m_Flags: 0
  m_NavMeshData: {fileID: 0}
--- !u!1001 &83343494
PrefabInstance:
  m_ObjectHideFlags: 0
  serializedVersion: 2
  m_Modification:
    m_TransformParent: {fileID: 407988408}
    m_Modifications:
    - target: {fileID: 4692592055206783633, guid: 111b66a95d7a48d48b570f7f059c0ec1,
        type: 3}
      propertyPath: m_Name
      value: FadeIn
      objectReference: {fileID: 0}
    - target: {fileID: 4692592055206783632, guid: 111b66a95d7a48d48b570f7f059c0ec1,
        type: 3}
      propertyPath: m_LocalPosition.x
      value: 0
      objectReference: {fileID: 0}
    - target: {fileID: 4692592055206783632, guid: 111b66a95d7a48d48b570f7f059c0ec1,
        type: 3}
      propertyPath: m_LocalPosition.y
      value: 0
      objectReference: {fileID: 0}
    - target: {fileID: 4692592055206783632, guid: 111b66a95d7a48d48b570f7f059c0ec1,
        type: 3}
      propertyPath: m_LocalPosition.z
      value: -5
      objectReference: {fileID: 0}
    - target: {fileID: 4692592055206783632, guid: 111b66a95d7a48d48b570f7f059c0ec1,
        type: 3}
      propertyPath: m_LocalRotation.x
      value: -0
      objectReference: {fileID: 0}
    - target: {fileID: 4692592055206783632, guid: 111b66a95d7a48d48b570f7f059c0ec1,
        type: 3}
      propertyPath: m_LocalRotation.y
      value: -0
      objectReference: {fileID: 0}
    - target: {fileID: 4692592055206783632, guid: 111b66a95d7a48d48b570f7f059c0ec1,
        type: 3}
      propertyPath: m_LocalRotation.z
      value: -0
      objectReference: {fileID: 0}
    - target: {fileID: 4692592055206783632, guid: 111b66a95d7a48d48b570f7f059c0ec1,
        type: 3}
      propertyPath: m_LocalRotation.w
      value: 1
      objectReference: {fileID: 0}
    - target: {fileID: 4692592055206783632, guid: 111b66a95d7a48d48b570f7f059c0ec1,
        type: 3}
      propertyPath: m_RootOrder
      value: 3
      objectReference: {fileID: 0}
    - target: {fileID: 4692592055206783632, guid: 111b66a95d7a48d48b570f7f059c0ec1,
        type: 3}
      propertyPath: m_LocalEulerAnglesHint.x
      value: 0
      objectReference: {fileID: 0}
    - target: {fileID: 4692592055206783632, guid: 111b66a95d7a48d48b570f7f059c0ec1,
        type: 3}
      propertyPath: m_LocalEulerAnglesHint.y
      value: 0
      objectReference: {fileID: 0}
    - target: {fileID: 4692592055206783632, guid: 111b66a95d7a48d48b570f7f059c0ec1,
        type: 3}
      propertyPath: m_LocalEulerAnglesHint.z
      value: 0
      objectReference: {fileID: 0}
    - target: {fileID: 4692592055206783632, guid: 111b66a95d7a48d48b570f7f059c0ec1,
        type: 3}
      propertyPath: m_AnchoredPosition.x
      value: 0.00012207
      objectReference: {fileID: 0}
    - target: {fileID: 4692592055206783632, guid: 111b66a95d7a48d48b570f7f059c0ec1,
        type: 3}
      propertyPath: m_AnchoredPosition.y
      value: -0.00000095367
      objectReference: {fileID: 0}
    - target: {fileID: 4692592055206783632, guid: 111b66a95d7a48d48b570f7f059c0ec1,
        type: 3}
      propertyPath: m_SizeDelta.x
      value: 0
      objectReference: {fileID: 0}
    - target: {fileID: 4692592055206783632, guid: 111b66a95d7a48d48b570f7f059c0ec1,
        type: 3}
      propertyPath: m_SizeDelta.y
      value: 0
      objectReference: {fileID: 0}
    - target: {fileID: 4692592055206783632, guid: 111b66a95d7a48d48b570f7f059c0ec1,
        type: 3}
      propertyPath: m_AnchorMin.x
      value: 0
      objectReference: {fileID: 0}
    - target: {fileID: 4692592055206783632, guid: 111b66a95d7a48d48b570f7f059c0ec1,
        type: 3}
      propertyPath: m_AnchorMin.y
      value: 0
      objectReference: {fileID: 0}
    - target: {fileID: 4692592055206783632, guid: 111b66a95d7a48d48b570f7f059c0ec1,
        type: 3}
      propertyPath: m_AnchorMax.x
      value: 1
      objectReference: {fileID: 0}
    - target: {fileID: 4692592055206783632, guid: 111b66a95d7a48d48b570f7f059c0ec1,
        type: 3}
      propertyPath: m_AnchorMax.y
      value: 1
      objectReference: {fileID: 0}
    - target: {fileID: 4692592055206783632, guid: 111b66a95d7a48d48b570f7f059c0ec1,
        type: 3}
      propertyPath: m_Pivot.x
      value: 0.5
      objectReference: {fileID: 0}
    - target: {fileID: 4692592055206783632, guid: 111b66a95d7a48d48b570f7f059c0ec1,
        type: 3}
      propertyPath: m_Pivot.y
      value: 0.5
      objectReference: {fileID: 0}
    m_RemovedComponents:
    - {fileID: 4692592055206783637, guid: 111b66a95d7a48d48b570f7f059c0ec1, type: 3}
  m_SourcePrefab: {fileID: 100100000, guid: 111b66a95d7a48d48b570f7f059c0ec1, type: 3}
--- !u!224 &83343495 stripped
RectTransform:
  m_CorrespondingSourceObject: {fileID: 4692592055206783632, guid: 111b66a95d7a48d48b570f7f059c0ec1,
    type: 3}
  m_PrefabInstance: {fileID: 83343494}
  m_PrefabAsset: {fileID: 0}
--- !u!1 &165382195
GameObject:
  m_ObjectHideFlags: 0
  m_CorrespondingSourceObject: {fileID: 0}
  m_PrefabInstance: {fileID: 0}
  m_PrefabAsset: {fileID: 0}
  serializedVersion: 6
  m_Component:
  - component: {fileID: 165382196}
  - component: {fileID: 165382200}
  - component: {fileID: 165382199}
  - component: {fileID: 165382198}
  - component: {fileID: 165382197}
  m_Layer: 5
  m_Name: Button
  m_TagString: Untagged
  m_Icon: {fileID: 0}
  m_NavMeshLayer: 0
  m_StaticEditorFlags: 0
  m_IsActive: 1
--- !u!224 &165382196
RectTransform:
  m_ObjectHideFlags: 0
  m_CorrespondingSourceObject: {fileID: 0}
  m_PrefabInstance: {fileID: 0}
  m_PrefabAsset: {fileID: 0}
  m_GameObject: {fileID: 165382195}
  m_LocalRotation: {x: 0, y: -0, z: 0.7071068, w: -0.7071068}
  m_LocalPosition: {x: 0, y: 0, z: 0}
  m_LocalScale: {x: 1.0004524, y: 1.0004524, z: 1.000452}
  m_Children: []
  m_Father: {fileID: 407988408}
  m_RootOrder: 2
  m_LocalEulerAnglesHint: {x: 0, y: 0, z: 270}
  m_AnchorMin: {x: 0.017434783, y: 0.47474232}
  m_AnchorMax: {x: 0.12631863, y: 0.52500004}
  m_AnchoredPosition: {x: -0.039978027, y: -0.29000092}
  m_SizeDelta: {x: -12, y: 11.9}
  m_Pivot: {x: 0.5, y: 0.5}
--- !u!114 &165382197
MonoBehaviour:
  m_ObjectHideFlags: 0
  m_CorrespondingSourceObject: {fileID: 0}
  m_PrefabInstance: {fileID: 0}
  m_PrefabAsset: {fileID: 0}
  m_GameObject: {fileID: 165382195}
  m_Enabled: 1
  m_EditorHideFlags: 0
  m_Script: {fileID: 11500000, guid: 81e6305cc13e5394e86d68e90f5a0cba, type: 3}
  m_Name: 
  m_EditorClassIdentifier: 
--- !u!114 &165382198
MonoBehaviour:
  m_ObjectHideFlags: 0
  m_CorrespondingSourceObject: {fileID: 0}
  m_PrefabInstance: {fileID: 0}
  m_PrefabAsset: {fileID: 0}
  m_GameObject: {fileID: 165382195}
  m_Enabled: 1
  m_EditorHideFlags: 0
  m_Script: {fileID: 1392445389, guid: f70555f144d8491a825f0804e09c671c, type: 3}
  m_Name: 
  m_EditorClassIdentifier: 
  m_Navigation:
    m_Mode: 3
    m_SelectOnUp: {fileID: 0}
    m_SelectOnDown: {fileID: 0}
    m_SelectOnLeft: {fileID: 0}
    m_SelectOnRight: {fileID: 0}
  m_Transition: 1
  m_Colors:
    m_NormalColor: {r: 0.454902, g: 0.45098042, b: 0.37254903, a: 1}
    m_HighlightedColor: {r: 0.16078432, g: 0.14901961, b: 0.14901961, a: 1}
    m_PressedColor: {r: 0.454902, g: 0.45098042, b: 0.37254903, a: 1}
    m_DisabledColor: {r: 0.78431374, g: 0.78431374, b: 0.78431374, a: 0.5019608}
    m_ColorMultiplier: 1
    m_FadeDuration: 0.1
  m_SpriteState:
    m_HighlightedSprite: {fileID: 0}
    m_PressedSprite: {fileID: 0}
    m_DisabledSprite: {fileID: 0}
  m_AnimationTriggers:
    m_NormalTrigger: Normal
    m_HighlightedTrigger: Highlighted
    m_PressedTrigger: Pressed
    m_DisabledTrigger: Disabled
  m_Interactable: 1
  m_TargetGraphic: {fileID: 165382199}
  m_OnClick:
    m_PersistentCalls:
      m_Calls:
      - m_Target: {fileID: 165382197}
        m_MethodName: OnClick2
        m_Mode: 1
        m_Arguments:
          m_ObjectArgument: {fileID: 0}
          m_ObjectArgumentAssemblyTypeName: UnityEngine.Object, UnityEngine
          m_IntArgument: 0
          m_FloatArgument: 0
          m_StringArgument: 
          m_BoolArgument: 0
        m_CallState: 2
    m_TypeName: UnityEngine.UI.Button+ButtonClickedEvent, UnityEngine.UI, Version=1.0.0.0,
      Culture=neutral, PublicKeyToken=null
--- !u!114 &165382199
MonoBehaviour:
  m_ObjectHideFlags: 0
  m_CorrespondingSourceObject: {fileID: 0}
  m_PrefabInstance: {fileID: 0}
  m_PrefabAsset: {fileID: 0}
  m_GameObject: {fileID: 165382195}
  m_Enabled: 1
  m_EditorHideFlags: 0
  m_Script: {fileID: -765806418, guid: f70555f144d8491a825f0804e09c671c, type: 3}
  m_Name: 
  m_EditorClassIdentifier: 
  m_Material: {fileID: 0}
  m_Color: {r: 1, g: 1, b: 1, a: 1}
  m_RaycastTarget: 1
  m_OnCullStateChanged:
    m_PersistentCalls:
      m_Calls: []
    m_TypeName: UnityEngine.UI.MaskableGraphic+CullStateChangedEvent, UnityEngine.UI,
      Version=1.0.0.0, Culture=neutral, PublicKeyToken=null
  m_Sprite: {fileID: 21300080, guid: 479f88b5b1fd76646ba60e5a55cdebb7, type: 3}
  m_Type: 0
  m_PreserveAspect: 0
  m_FillCenter: 1
  m_FillMethod: 4
  m_FillAmount: 1
  m_FillClockwise: 1
  m_FillOrigin: 0
  m_UseSpriteMesh: 0
--- !u!222 &165382200
CanvasRenderer:
  m_ObjectHideFlags: 0
  m_CorrespondingSourceObject: {fileID: 0}
  m_PrefabInstance: {fileID: 0}
  m_PrefabAsset: {fileID: 0}
  m_GameObject: {fileID: 165382195}
  m_CullTransparentMesh: 0
--- !u!1 &247663605 stripped
GameObject:
  m_CorrespondingSourceObject: {fileID: 4692592055206783633, guid: 111b66a95d7a48d48b570f7f059c0ec1,
    type: 3}
  m_PrefabInstance: {fileID: 83343494}
  m_PrefabAsset: {fileID: 0}
--- !u!114 &247663606
MonoBehaviour:
  m_ObjectHideFlags: 0
  m_CorrespondingSourceObject: {fileID: 0}
  m_PrefabInstance: {fileID: 0}
  m_PrefabAsset: {fileID: 0}
  m_GameObject: {fileID: 247663605}
  m_Enabled: 1
  m_EditorHideFlags: 0
  m_Script: {fileID: 11500000, guid: 706a6fc7973879e45b378fb959f84fec, type: 3}
  m_Name: 
  m_EditorClassIdentifier: 
  fade: {fileID: 247663607}
--- !u!114 &247663607 stripped
MonoBehaviour:
  m_CorrespondingSourceObject: {fileID: 4692592055206783635, guid: 111b66a95d7a48d48b570f7f059c0ec1,
    type: 3}
  m_PrefabInstance: {fileID: 83343494}
  m_PrefabAsset: {fileID: 0}
  m_GameObject: {fileID: 247663605}
  m_Enabled: 1
  m_EditorHideFlags: 0
  m_Script: {fileID: -765806418, guid: f70555f144d8491a825f0804e09c671c, type: 3}
  m_Name: 
  m_EditorClassIdentifier: 
--- !u!1 &343406076
GameObject:
  m_ObjectHideFlags: 0
  m_CorrespondingSourceObject: {fileID: 0}
  m_PrefabInstance: {fileID: 0}
  m_PrefabAsset: {fileID: 0}
  serializedVersion: 6
  m_Component:
  - component: {fileID: 343406077}
  - component: {fileID: 343406079}
  - component: {fileID: 343406078}
  - component: {fileID: 343406080}
  m_Layer: 0
  m_Name: Smith
  m_TagString: Untagged
  m_Icon: {fileID: 0}
  m_NavMeshLayer: 0
  m_StaticEditorFlags: 0
  m_IsActive: 1
--- !u!224 &343406077
RectTransform:
  m_ObjectHideFlags: 0
  m_CorrespondingSourceObject: {fileID: 0}
  m_PrefabInstance: {fileID: 0}
  m_PrefabAsset: {fileID: 0}
  m_GameObject: {fileID: 343406076}
  m_LocalRotation: {x: -0, y: -0, z: -0, w: 1}
  m_LocalPosition: {x: 0, y: 0, z: -5}
  m_LocalScale: {x: 95.05703, y: 95.05703, z: 1}
  m_Children: []
  m_Father: {fileID: 526631373}
  m_RootOrder: 1
  m_LocalEulerAnglesHint: {x: 0, y: 0, z: 0}
  m_AnchorMin: {x: 0.23400001, y: 0.3472496}
  m_AnchorMax: {x: 0.8003428, y: 0.6754992}
  m_AnchoredPosition: {x: -0.08248901, y: 0.0000038146973}
  m_SizeDelta: {x: -119.65, y: -99.9}
  m_Pivot: {x: 0.5, y: 0.5}
--- !u!95 &343406078
Animator:
  serializedVersion: 3
  m_ObjectHideFlags: 0
  m_CorrespondingSourceObject: {fileID: 0}
  m_PrefabInstance: {fileID: 0}
  m_PrefabAsset: {fileID: 0}
  m_GameObject: {fileID: 343406076}
  m_Enabled: 1
  m_Avatar: {fileID: 0}
  m_Controller: {fileID: 9100000, guid: 7b32274fe65402c4f86b1d74172c2875, type: 2}
  m_CullingMode: 0
  m_UpdateMode: 0
  m_ApplyRootMotion: 0
  m_LinearVelocityBlending: 0
  m_WarningMessage: 
  m_HasTransformHierarchy: 1
  m_AllowConstantClipSamplingOptimization: 1
  m_KeepAnimatorControllerStateOnDisable: 0
--- !u!212 &343406079
SpriteRenderer:
  m_ObjectHideFlags: 0
  m_CorrespondingSourceObject: {fileID: 0}
  m_PrefabInstance: {fileID: 0}
  m_PrefabAsset: {fileID: 0}
  m_GameObject: {fileID: 343406076}
  m_Enabled: 1
  m_CastShadows: 0
  m_ReceiveShadows: 0
  m_DynamicOccludee: 1
  m_MotionVectors: 1
  m_LightProbeUsage: 1
  m_ReflectionProbeUsage: 1
  m_RenderingLayerMask: 1
  m_RendererPriority: 0
  m_Materials:
  - {fileID: 10754, guid: 0000000000000000f000000000000000, type: 0}
  m_StaticBatchInfo:
    firstSubMesh: 0
    subMeshCount: 0
  m_StaticBatchRoot: {fileID: 0}
  m_ProbeAnchor: {fileID: 0}
  m_LightProbeVolumeOverride: {fileID: 0}
  m_ScaleInLightmap: 1
  m_PreserveUVs: 0
  m_IgnoreNormalsForChartDetection: 0
  m_ImportantGI: 0
  m_StitchLightmapSeams: 0
  m_SelectedEditorRenderState: 0
  m_MinimumChartSize: 4
  m_AutoUVMaxDistance: 0.5
  m_AutoUVMaxAngle: 89
  m_LightmapParameters: {fileID: 0}
  m_SortingLayerID: 0
  m_SortingLayer: 0
  m_SortingOrder: 0
  m_Sprite: {fileID: 0}
  m_Color: {r: 1, g: 1, b: 1, a: 0}
  m_FlipX: 0
  m_FlipY: 0
  m_DrawMode: 0
  m_Size: {x: 1, y: 1}
  m_AdaptiveModeThreshold: 0.5
  m_SpriteTileMode: 0
  m_WasSpriteAssigned: 0
  m_MaskInteraction: 0
  m_SpriteSortPoint: 0
--- !u!222 &343406080
CanvasRenderer:
  m_ObjectHideFlags: 0
  m_CorrespondingSourceObject: {fileID: 0}
  m_PrefabInstance: {fileID: 0}
  m_PrefabAsset: {fileID: 0}
  m_GameObject: {fileID: 343406076}
  m_CullTransparentMesh: 0
--- !u!1001 &351766754
PrefabInstance:
  m_ObjectHideFlags: 0
  serializedVersion: 2
  m_Modification:
    m_TransformParent: {fileID: 407988408}
    m_Modifications:
    - target: {fileID: 4584475799205933121, guid: 5c727cecb499463478fed7aa7e7f4527,
        type: 3}
      propertyPath: m_Name
      value: FadeOut
      objectReference: {fileID: 0}
    - target: {fileID: 4584475799205933120, guid: 5c727cecb499463478fed7aa7e7f4527,
        type: 3}
      propertyPath: m_LocalPosition.x
      value: 0
      objectReference: {fileID: 0}
    - target: {fileID: 4584475799205933120, guid: 5c727cecb499463478fed7aa7e7f4527,
        type: 3}
      propertyPath: m_LocalPosition.y
      value: 0
      objectReference: {fileID: 0}
    - target: {fileID: 4584475799205933120, guid: 5c727cecb499463478fed7aa7e7f4527,
        type: 3}
      propertyPath: m_LocalPosition.z
      value: -5
      objectReference: {fileID: 0}
    - target: {fileID: 4584475799205933120, guid: 5c727cecb499463478fed7aa7e7f4527,
        type: 3}
      propertyPath: m_LocalRotation.x
      value: 0
      objectReference: {fileID: 0}
    - target: {fileID: 4584475799205933120, guid: 5c727cecb499463478fed7aa7e7f4527,
        type: 3}
      propertyPath: m_LocalRotation.y
      value: 0
      objectReference: {fileID: 0}
    - target: {fileID: 4584475799205933120, guid: 5c727cecb499463478fed7aa7e7f4527,
        type: 3}
      propertyPath: m_LocalRotation.z
      value: 0
      objectReference: {fileID: 0}
    - target: {fileID: 4584475799205933120, guid: 5c727cecb499463478fed7aa7e7f4527,
        type: 3}
      propertyPath: m_LocalRotation.w
      value: 1
      objectReference: {fileID: 0}
    - target: {fileID: 4584475799205933120, guid: 5c727cecb499463478fed7aa7e7f4527,
        type: 3}
      propertyPath: m_RootOrder
      value: 4
      objectReference: {fileID: 0}
    - target: {fileID: 4584475799205933120, guid: 5c727cecb499463478fed7aa7e7f4527,
        type: 3}
      propertyPath: m_LocalEulerAnglesHint.x
      value: 0
      objectReference: {fileID: 0}
    - target: {fileID: 4584475799205933120, guid: 5c727cecb499463478fed7aa7e7f4527,
        type: 3}
      propertyPath: m_LocalEulerAnglesHint.y
      value: 0
      objectReference: {fileID: 0}
    - target: {fileID: 4584475799205933120, guid: 5c727cecb499463478fed7aa7e7f4527,
        type: 3}
      propertyPath: m_LocalEulerAnglesHint.z
      value: 0
      objectReference: {fileID: 0}
    - target: {fileID: 4584475799205933120, guid: 5c727cecb499463478fed7aa7e7f4527,
        type: 3}
      propertyPath: m_AnchoredPosition.x
      value: 0
      objectReference: {fileID: 0}
    - target: {fileID: 4584475799205933120, guid: 5c727cecb499463478fed7aa7e7f4527,
        type: 3}
      propertyPath: m_AnchoredPosition.y
      value: 0
      objectReference: {fileID: 0}
    - target: {fileID: 4584475799205933120, guid: 5c727cecb499463478fed7aa7e7f4527,
        type: 3}
      propertyPath: m_SizeDelta.x
      value: 0
      objectReference: {fileID: 0}
    - target: {fileID: 4584475799205933120, guid: 5c727cecb499463478fed7aa7e7f4527,
        type: 3}
      propertyPath: m_SizeDelta.y
      value: 0
      objectReference: {fileID: 0}
    - target: {fileID: 4584475799205933120, guid: 5c727cecb499463478fed7aa7e7f4527,
        type: 3}
      propertyPath: m_AnchorMin.x
      value: 0
      objectReference: {fileID: 0}
    - target: {fileID: 4584475799205933120, guid: 5c727cecb499463478fed7aa7e7f4527,
        type: 3}
      propertyPath: m_AnchorMin.y
      value: 0
      objectReference: {fileID: 0}
    - target: {fileID: 4584475799205933120, guid: 5c727cecb499463478fed7aa7e7f4527,
        type: 3}
      propertyPath: m_AnchorMax.x
      value: 1
      objectReference: {fileID: 0}
    - target: {fileID: 4584475799205933120, guid: 5c727cecb499463478fed7aa7e7f4527,
        type: 3}
      propertyPath: m_AnchorMax.y
      value: 1
      objectReference: {fileID: 0}
    - target: {fileID: 4584475799205933120, guid: 5c727cecb499463478fed7aa7e7f4527,
        type: 3}
      propertyPath: m_Pivot.x
      value: 0.5
      objectReference: {fileID: 0}
    - target: {fileID: 4584475799205933120, guid: 5c727cecb499463478fed7aa7e7f4527,
        type: 3}
      propertyPath: m_Pivot.y
      value: 0.5
      objectReference: {fileID: 0}
    m_RemovedComponents: []
  m_SourcePrefab: {fileID: 100100000, guid: 5c727cecb499463478fed7aa7e7f4527, type: 3}
--- !u!224 &351766755 stripped
RectTransform:
  m_CorrespondingSourceObject: {fileID: 4584475799205933120, guid: 5c727cecb499463478fed7aa7e7f4527,
    type: 3}
  m_PrefabInstance: {fileID: 351766754}
  m_PrefabAsset: {fileID: 0}
--- !u!1 &407988404
GameObject:
  m_ObjectHideFlags: 0
  m_CorrespondingSourceObject: {fileID: 0}
  m_PrefabInstance: {fileID: 0}
  m_PrefabAsset: {fileID: 0}
  serializedVersion: 6
  m_Component:
  - component: {fileID: 407988408}
  - component: {fileID: 407988407}
  - component: {fileID: 407988406}
  - component: {fileID: 407988405}
  - component: {fileID: 407988410}
  - component: {fileID: 407988409}
  m_Layer: 5
  m_Name: Canvas
  m_TagString: Untagged
  m_Icon: {fileID: 0}
  m_NavMeshLayer: 0
  m_StaticEditorFlags: 0
  m_IsActive: 1
--- !u!114 &407988405
MonoBehaviour:
  m_ObjectHideFlags: 0
  m_CorrespondingSourceObject: {fileID: 0}
  m_PrefabInstance: {fileID: 0}
  m_PrefabAsset: {fileID: 0}
  m_GameObject: {fileID: 407988404}
  m_Enabled: 1
  m_EditorHideFlags: 0
  m_Script: {fileID: 1301386320, guid: f70555f144d8491a825f0804e09c671c, type: 3}
  m_Name: 
  m_EditorClassIdentifier: 
  m_IgnoreReversedGraphics: 1
  m_BlockingObjects: 0
  m_BlockingMask:
    serializedVersion: 2
    m_Bits: 4294967295
--- !u!114 &407988406
MonoBehaviour:
  m_ObjectHideFlags: 0
  m_CorrespondingSourceObject: {fileID: 0}
  m_PrefabInstance: {fileID: 0}
  m_PrefabAsset: {fileID: 0}
  m_GameObject: {fileID: 407988404}
  m_Enabled: 1
  m_EditorHideFlags: 0
  m_Script: {fileID: 1980459831, guid: f70555f144d8491a825f0804e09c671c, type: 3}
  m_Name: 
  m_EditorClassIdentifier: 
  m_UiScaleMode: 0
  m_ReferencePixelsPerUnit: 100
  m_ScaleFactor: 1
  m_ReferenceResolution: {x: 800, y: 600}
  m_ScreenMatchMode: 0
  m_MatchWidthOrHeight: 0
  m_PhysicalUnit: 3
  m_FallbackScreenDPI: 96
  m_DefaultSpriteDPI: 96
  m_DynamicPixelsPerUnit: 1
--- !u!223 &407988407
Canvas:
  m_ObjectHideFlags: 0
  m_CorrespondingSourceObject: {fileID: 0}
  m_PrefabInstance: {fileID: 0}
  m_PrefabAsset: {fileID: 0}
  m_GameObject: {fileID: 407988404}
  m_Enabled: 1
  serializedVersion: 3
  m_RenderMode: 1
  m_Camera: {fileID: 587901495}
  m_PlaneDistance: 100
  m_PixelPerfect: 0
  m_ReceivesEvents: 1
  m_OverrideSorting: 0
  m_OverridePixelPerfect: 0
  m_SortingBucketNormalizedSize: 0
  m_AdditionalShaderChannelsFlag: 0
  m_SortingLayerID: 0
  m_SortingOrder: 0
  m_TargetDisplay: 0
--- !u!224 &407988408
RectTransform:
  m_ObjectHideFlags: 0
  m_CorrespondingSourceObject: {fileID: 0}
  m_PrefabInstance: {fileID: 0}
  m_PrefabAsset: {fileID: 0}
  m_GameObject: {fileID: 407988404}
  m_LocalRotation: {x: 0, y: 0, z: 0, w: 1}
  m_LocalPosition: {x: 0, y: 0, z: 0}
  m_LocalScale: {x: 0, y: 0, z: 0}
  m_Children:
  - {fileID: 1202966948}
  - {fileID: 526631373}
  - {fileID: 165382196}
  - {fileID: 83343495}
  - {fileID: 351766755}
  m_Father: {fileID: 0}
  m_RootOrder: 1
  m_LocalEulerAnglesHint: {x: 0, y: 0, z: 0}
  m_AnchorMin: {x: 0, y: 0}
  m_AnchorMax: {x: 0, y: 0}
  m_AnchoredPosition: {x: 0, y: 0}
  m_SizeDelta: {x: 0, y: 0}
  m_Pivot: {x: 0, y: 0}
--- !u!114 &407988409
MonoBehaviour:
  m_ObjectHideFlags: 0
  m_CorrespondingSourceObject: {fileID: 0}
  m_PrefabInstance: {fileID: 0}
  m_PrefabAsset: {fileID: 0}
  m_GameObject: {fileID: 407988404}
  m_Enabled: 1
  m_EditorHideFlags: 0
  m_Script: {fileID: -765806418, guid: f70555f144d8491a825f0804e09c671c, type: 3}
  m_Name: 
  m_EditorClassIdentifier: 
  m_Material: {fileID: 0}
  m_Color: {r: 1, g: 1, b: 1, a: 1}
  m_RaycastTarget: 1
  m_OnCullStateChanged:
    m_PersistentCalls:
      m_Calls: []
    m_TypeName: UnityEngine.UI.MaskableGraphic+CullStateChangedEvent, UnityEngine.UI,
      Version=1.0.0.0, Culture=neutral, PublicKeyToken=null
  m_Sprite: {fileID: 21300000, guid: 4e675635b70febf49b8a1c12c8adbb78, type: 3}
  m_Type: 0
  m_PreserveAspect: 0
  m_FillCenter: 1
  m_FillMethod: 4
  m_FillAmount: 1
  m_FillClockwise: 1
  m_FillOrigin: 0
  m_UseSpriteMesh: 0
--- !u!222 &407988410
CanvasRenderer:
  m_ObjectHideFlags: 0
  m_CorrespondingSourceObject: {fileID: 0}
  m_PrefabInstance: {fileID: 0}
  m_PrefabAsset: {fileID: 0}
  m_GameObject: {fileID: 407988404}
  m_CullTransparentMesh: 0
--- !u!1001 &526631372
PrefabInstance:
  m_ObjectHideFlags: 0
  serializedVersion: 2
  m_Modification:
    m_TransformParent: {fileID: 407988408}
    m_Modifications:
    - target: {fileID: 5981135260947681228, guid: 830fbcd7c513c3e4a98f92e099ced8db,
        type: 3}
      propertyPath: m_Name
      value: SmithButton
      objectReference: {fileID: 0}
    - target: {fileID: 5981135260947681229, guid: 830fbcd7c513c3e4a98f92e099ced8db,
        type: 3}
      propertyPath: m_LocalPosition.x
      value: 0
      objectReference: {fileID: 0}
    - target: {fileID: 5981135260947681229, guid: 830fbcd7c513c3e4a98f92e099ced8db,
        type: 3}
      propertyPath: m_LocalPosition.y
      value: 0
      objectReference: {fileID: 0}
    - target: {fileID: 5981135260947681229, guid: 830fbcd7c513c3e4a98f92e099ced8db,
        type: 3}
      propertyPath: m_LocalPosition.z
      value: 0
      objectReference: {fileID: 0}
    - target: {fileID: 5981135260947681229, guid: 830fbcd7c513c3e4a98f92e099ced8db,
        type: 3}
      propertyPath: m_LocalRotation.x
      value: -0
      objectReference: {fileID: 0}
    - target: {fileID: 5981135260947681229, guid: 830fbcd7c513c3e4a98f92e099ced8db,
        type: 3}
      propertyPath: m_LocalRotation.y
      value: -0
      objectReference: {fileID: 0}
    - target: {fileID: 5981135260947681229, guid: 830fbcd7c513c3e4a98f92e099ced8db,
        type: 3}
      propertyPath: m_LocalRotation.z
      value: -0
      objectReference: {fileID: 0}
    - target: {fileID: 5981135260947681229, guid: 830fbcd7c513c3e4a98f92e099ced8db,
        type: 3}
      propertyPath: m_LocalRotation.w
      value: 1
      objectReference: {fileID: 0}
    - target: {fileID: 5981135260947681229, guid: 830fbcd7c513c3e4a98f92e099ced8db,
        type: 3}
      propertyPath: m_RootOrder
      value: 1
      objectReference: {fileID: 0}
    - target: {fileID: 5981135260947681229, guid: 830fbcd7c513c3e4a98f92e099ced8db,
        type: 3}
      propertyPath: m_LocalEulerAnglesHint.x
      value: 0
      objectReference: {fileID: 0}
    - target: {fileID: 5981135260947681229, guid: 830fbcd7c513c3e4a98f92e099ced8db,
        type: 3}
      propertyPath: m_LocalEulerAnglesHint.y
      value: 0
      objectReference: {fileID: 0}
    - target: {fileID: 5981135260947681229, guid: 830fbcd7c513c3e4a98f92e099ced8db,
        type: 3}
      propertyPath: m_LocalEulerAnglesHint.z
      value: 0
      objectReference: {fileID: 0}
    - target: {fileID: 5981135260947681229, guid: 830fbcd7c513c3e4a98f92e099ced8db,
        type: 3}
      propertyPath: m_AnchoredPosition.x
      value: -0.000030517578
      objectReference: {fileID: 0}
    - target: {fileID: 5981135260947681229, guid: 830fbcd7c513c3e4a98f92e099ced8db,
        type: 3}
      propertyPath: m_AnchoredPosition.y
      value: -0.26507568
      objectReference: {fileID: 0}
    - target: {fileID: 5981135260947681229, guid: 830fbcd7c513c3e4a98f92e099ced8db,
        type: 3}
      propertyPath: m_SizeDelta.x
      value: 0
      objectReference: {fileID: 0}
    - target: {fileID: 5981135260947681229, guid: 830fbcd7c513c3e4a98f92e099ced8db,
        type: 3}
      propertyPath: m_SizeDelta.y
      value: 0.53009033
      objectReference: {fileID: 0}
    - target: {fileID: 5981135260947681229, guid: 830fbcd7c513c3e4a98f92e099ced8db,
        type: 3}
      propertyPath: m_AnchorMin.x
      value: 0.056
      objectReference: {fileID: 0}
    - target: {fileID: 5981135260947681229, guid: 830fbcd7c513c3e4a98f92e099ced8db,
        type: 3}
      propertyPath: m_AnchorMin.y
      value: 0.5452271
      objectReference: {fileID: 0}
    - target: {fileID: 5981135260947681229, guid: 830fbcd7c513c3e4a98f92e099ced8db,
        type: 3}
      propertyPath: m_AnchorMax.x
      value: 0.44279122
      objectReference: {fileID: 0}
    - target: {fileID: 5981135260947681229, guid: 830fbcd7c513c3e4a98f92e099ced8db,
        type: 3}
      propertyPath: m_AnchorMax.y
      value: 0.8682577
      objectReference: {fileID: 0}
    - target: {fileID: 5981135260947681229, guid: 830fbcd7c513c3e4a98f92e099ced8db,
        type: 3}
      propertyPath: m_Pivot.x
      value: 0.5
      objectReference: {fileID: 0}
    - target: {fileID: 5981135260947681229, guid: 830fbcd7c513c3e4a98f92e099ced8db,
        type: 3}
      propertyPath: m_Pivot.y
      value: 0.5
      objectReference: {fileID: 0}
    - target: {fileID: 5981135260947681229, guid: 830fbcd7c513c3e4a98f92e099ced8db,
        type: 3}
      propertyPath: m_LocalScale.x
      value: 1.000452
      objectReference: {fileID: 0}
    - target: {fileID: 5981135260947681229, guid: 830fbcd7c513c3e4a98f92e099ced8db,
        type: 3}
      propertyPath: m_LocalScale.y
      value: 1.000452
      objectReference: {fileID: 0}
    - target: {fileID: 5981135260947681229, guid: 830fbcd7c513c3e4a98f92e099ced8db,
        type: 3}
      propertyPath: m_LocalScale.z
      value: 1.000452
      objectReference: {fileID: 0}
    - target: {fileID: 5981135260947681230, guid: 830fbcd7c513c3e4a98f92e099ced8db,
        type: 3}
      propertyPath: m_OnClick.m_PersistentCalls.m_Calls.Array.data[0].m_MethodName
      value: OnSmithClick
      objectReference: {fileID: 0}
    - target: {fileID: 5981135260947681230, guid: 830fbcd7c513c3e4a98f92e099ced8db,
        type: 3}
      propertyPath: m_OnClick.m_PersistentCalls.m_Calls.Array.data[0].m_Arguments.m_ObjectArgumentAssemblyTypeName
      value: UnityEngine.Object, UnityEngine
      objectReference: {fileID: 0}
    - target: {fileID: 5981135260947681230, guid: 830fbcd7c513c3e4a98f92e099ced8db,
        type: 3}
      propertyPath: m_OnClick.m_PersistentCalls.m_Calls.Array.data[0].m_Target
      value: 
      objectReference: {fileID: 526631374}
    - target: {fileID: 5981135262124464417, guid: 830fbcd7c513c3e4a98f92e099ced8db,
        type: 3}
      propertyPath: m_AnchoredPosition.y
      value: 0.02999878
      objectReference: {fileID: 0}
    - target: {fileID: 5981135262124464417, guid: 830fbcd7c513c3e4a98f92e099ced8db,
        type: 3}
      propertyPath: m_AnchoredPosition.x
      value: -0.15719604
      objectReference: {fileID: 0}
    - target: {fileID: 5981135262124464417, guid: 830fbcd7c513c3e4a98f92e099ced8db,
        type: 3}
      propertyPath: m_SizeDelta.x
      value: -0.6500015
      objectReference: {fileID: 0}
    - target: {fileID: 5981135262124464417, guid: 830fbcd7c513c3e4a98f92e099ced8db,
        type: 3}
      propertyPath: m_SizeDelta.y
      value: -0.059999466
      objectReference: {fileID: 0}
    - target: {fileID: 5981135262124464417, guid: 830fbcd7c513c3e4a98f92e099ced8db,
        type: 3}
      propertyPath: m_AnchorMax.x
      value: 0.84700006
      objectReference: {fileID: 0}
    - target: {fileID: 5981135262124464417, guid: 830fbcd7c513c3e4a98f92e099ced8db,
        type: 3}
      propertyPath: m_AnchorMin.y
      value: 0.06824958
      objectReference: {fileID: 0}
    - target: {fileID: 5981135262124464417, guid: 830fbcd7c513c3e4a98f92e099ced8db,
        type: 3}
      propertyPath: m_AnchorMin.x
      value: 0.1543673
      objectReference: {fileID: 0}
    - target: {fileID: 5981135262124464417, guid: 830fbcd7c513c3e4a98f92e099ced8db,
        type: 3}
      propertyPath: m_AnchorMax.y
      value: 0.136
      objectReference: {fileID: 0}
    - target: {fileID: 5981135262124464416, guid: 830fbcd7c513c3e4a98f92e099ced8db,
        type: 3}
      propertyPath: m_Name
      value: SmithName
      objectReference: {fileID: 0}
    - target: {fileID: 5981135262124464418, guid: 830fbcd7c513c3e4a98f92e099ced8db,
        type: 3}
      propertyPath: m_Text
      value: Smith
      objectReference: {fileID: 0}
    - target: {fileID: 5981135262124464418, guid: 830fbcd7c513c3e4a98f92e099ced8db,
        type: 3}
      propertyPath: m_FontData.m_RichText
      value: 1
      objectReference: {fileID: 0}
    - target: {fileID: 5981135262124464418, guid: 830fbcd7c513c3e4a98f92e099ced8db,
        type: 3}
      propertyPath: m_FontData.m_AlignByGeometry
      value: 0
      objectReference: {fileID: 0}
    - target: {fileID: 5981135262124464418, guid: 830fbcd7c513c3e4a98f92e099ced8db,
        type: 3}
      propertyPath: m_FontData.m_BestFit
      value: 1
      objectReference: {fileID: 0}
    - target: {fileID: 5981135262124464418, guid: 830fbcd7c513c3e4a98f92e099ced8db,
        type: 3}
      propertyPath: m_FontData.m_FontSize
      value: 20
      objectReference: {fileID: 0}
    - target: {fileID: 5981135262124464418, guid: 830fbcd7c513c3e4a98f92e099ced8db,
        type: 3}
      propertyPath: m_FontData.m_MinSize
      value: 1
      objectReference: {fileID: 0}
    - target: {fileID: 5981135262124464418, guid: 830fbcd7c513c3e4a98f92e099ced8db,
        type: 3}
      propertyPath: m_FontData.m_MaxSize
      value: 50
      objectReference: {fileID: 0}
    m_RemovedComponents: []
  m_SourcePrefab: {fileID: 100100000, guid: 830fbcd7c513c3e4a98f92e099ced8db, type: 3}
--- !u!224 &526631373 stripped
RectTransform:
  m_CorrespondingSourceObject: {fileID: 5981135260947681229, guid: 830fbcd7c513c3e4a98f92e099ced8db,
    type: 3}
  m_PrefabInstance: {fileID: 526631372}
  m_PrefabAsset: {fileID: 0}
--- !u!114 &526631374 stripped
MonoBehaviour:
  m_CorrespondingSourceObject: {fileID: 8832405765888296725, guid: 830fbcd7c513c3e4a98f92e099ced8db,
    type: 3}
  m_PrefabInstance: {fileID: 526631372}
  m_PrefabAsset: {fileID: 0}
  m_GameObject: {fileID: 0}
  m_Enabled: 1
  m_EditorHideFlags: 0
  m_Script: {fileID: 11500000, guid: 777fb8e173bd8a84391acb809f96fcd9, type: 3}
  m_Name: 
  m_EditorClassIdentifier: 
--- !u!1 &587901493
GameObject:
  m_ObjectHideFlags: 0
  m_CorrespondingSourceObject: {fileID: 0}
  m_PrefabInstance: {fileID: 0}
  m_PrefabAsset: {fileID: 0}
  serializedVersion: 6
  m_Component:
  - component: {fileID: 587901496}
  - component: {fileID: 587901495}
  - component: {fileID: 587901494}
  m_Layer: 0
  m_Name: Main Camera
  m_TagString: MainCamera
  m_Icon: {fileID: 0}
  m_NavMeshLayer: 0
  m_StaticEditorFlags: 0
  m_IsActive: 1
--- !u!81 &587901494
AudioListener:
  m_ObjectHideFlags: 0
  m_CorrespondingSourceObject: {fileID: 0}
  m_PrefabInstance: {fileID: 0}
  m_PrefabAsset: {fileID: 0}
  m_GameObject: {fileID: 587901493}
  m_Enabled: 1
--- !u!20 &587901495
Camera:
  m_ObjectHideFlags: 0
  m_CorrespondingSourceObject: {fileID: 0}
  m_PrefabInstance: {fileID: 0}
  m_PrefabAsset: {fileID: 0}
  m_GameObject: {fileID: 587901493}
  m_Enabled: 1
  serializedVersion: 2
  m_ClearFlags: 1
  m_BackGroundColor: {r: 0.19215687, g: 0.3019608, b: 0.4745098, a: 0}
  m_projectionMatrixMode: 1
  m_SensorSize: {x: 36, y: 24}
  m_LensShift: {x: 0, y: 0}
  m_GateFitMode: 2
  m_FocalLength: 50
  m_NormalizedViewPortRect:
    serializedVersion: 2
    x: 0
    y: 0
    width: 1
    height: 1
  near clip plane: 0.3
  far clip plane: 1000
  field of view: 60
  orthographic: 1
  orthographic size: 5
  m_Depth: -1
  m_CullingMask:
    serializedVersion: 2
    m_Bits: 4294967295
  m_RenderingPath: -1
  m_TargetTexture: {fileID: 0}
  m_TargetDisplay: 0
  m_TargetEye: 3
  m_HDR: 1
  m_AllowMSAA: 1
  m_AllowDynamicResolution: 0
  m_ForceIntoRT: 0
  m_OcclusionCulling: 1
  m_StereoConvergence: 10
  m_StereoSeparation: 0.022
--- !u!4 &587901496
Transform:
  m_ObjectHideFlags: 0
  m_CorrespondingSourceObject: {fileID: 0}
  m_PrefabInstance: {fileID: 0}
  m_PrefabAsset: {fileID: 0}
  m_GameObject: {fileID: 587901493}
  m_LocalRotation: {x: 0, y: 0, z: 0, w: 1}
  m_LocalPosition: {x: 0, y: 0, z: -10}
  m_LocalScale: {x: 1, y: 1, z: 1}
  m_Children: []
  m_Father: {fileID: 0}
  m_RootOrder: 0
  m_LocalEulerAnglesHint: {x: 0, y: 0, z: 0}
--- !u!1 &1202966947
GameObject:
  m_ObjectHideFlags: 0
  m_CorrespondingSourceObject: {fileID: 0}
  m_PrefabInstance: {fileID: 0}
  m_PrefabAsset: {fileID: 0}
  serializedVersion: 6
  m_Component:
  - component: {fileID: 1202966948}
  - component: {fileID: 1202966950}
  - component: {fileID: 1202966949}
  m_Layer: 5
  m_Name: Select Characters
  m_TagString: Untagged
  m_Icon: {fileID: 0}
  m_NavMeshLayer: 0
  m_StaticEditorFlags: 0
  m_IsActive: 1
--- !u!224 &1202966948
RectTransform:
  m_ObjectHideFlags: 0
  m_CorrespondingSourceObject: {fileID: 0}
  m_PrefabInstance: {fileID: 0}
  m_PrefabAsset: {fileID: 0}
  m_GameObject: {fileID: 1202966947}
  m_LocalRotation: {x: -0, y: -0, z: -0, w: 1}
  m_LocalPosition: {x: 0, y: 0, z: 0}
  m_LocalScale: {x: 1.000452, y: 1.000452, z: 1.000452}
  m_Children: []
  m_Father: {fileID: 407988408}
  m_RootOrder: 0
  m_LocalEulerAnglesHint: {x: 0, y: 0, z: 0}
  m_AnchorMin: {x: 0.1614066, y: 0.93220615}
  m_AnchorMax: {x: 0.8388022, y: 0.9745669}
  m_AnchoredPosition: {x: 0, y: -0.000030517578}
  m_SizeDelta: {x: -0.5, y: 0}
  m_Pivot: {x: 0.5, y: 0.5}
--- !u!114 &1202966949
MonoBehaviour:
  m_ObjectHideFlags: 0
  m_CorrespondingSourceObject: {fileID: 0}
  m_PrefabInstance: {fileID: 0}
  m_PrefabAsset: {fileID: 0}
  m_GameObject: {fileID: 1202966947}
  m_Enabled: 1
  m_EditorHideFlags: 0
  m_Script: {fileID: 708705254, guid: f70555f144d8491a825f0804e09c671c, type: 3}
  m_Name: 
  m_EditorClassIdentifier: 
  m_Material: {fileID: 0}
  m_Color: {r: 0.19607843, g: 0.19607843, b: 0.19607843, a: 1}
  m_RaycastTarget: 1
  m_OnCullStateChanged:
    m_PersistentCalls:
      m_Calls: []
    m_TypeName: UnityEngine.UI.MaskableGraphic+CullStateChangedEvent, UnityEngine.UI,
      Version=1.0.0.0, Culture=neutral, PublicKeyToken=null
  m_FontData:
    m_Font: {fileID: 12800000, guid: 464f9ef848f976744a90f1ccbba334a7, type: 3}
    m_FontSize: 20
    m_FontStyle: 0
    m_BestFit: 1
    m_MinSize: 20
    m_MaxSize: 100
    m_Alignment: 4
    m_AlignByGeometry: 0
    m_RichText: 1
    m_HorizontalOverflow: 0
    m_VerticalOverflow: 0
    m_LineSpacing: 1
  m_Text: Select Characters
--- !u!222 &1202966950
CanvasRenderer:
  m_ObjectHideFlags: 0
  m_CorrespondingSourceObject: {fileID: 0}
  m_PrefabInstance: {fileID: 0}
  m_PrefabAsset: {fileID: 0}
  m_GameObject: {fileID: 1202966947}
  m_CullTransparentMesh: 0
--- !u!1 &1928770457
GameObject:
  m_ObjectHideFlags: 0
  m_CorrespondingSourceObject: {fileID: 0}
  m_PrefabInstance: {fileID: 0}
  m_PrefabAsset: {fileID: 0}
  serializedVersion: 6
  m_Component:
  - component: {fileID: 1928770460}
  - component: {fileID: 1928770459}
  - component: {fileID: 1928770458}
  m_Layer: 0
  m_Name: EventSystem
  m_TagString: Untagged
  m_Icon: {fileID: 0}
  m_NavMeshLayer: 0
  m_StaticEditorFlags: 0
  m_IsActive: 1
--- !u!114 &1928770458
MonoBehaviour:
  m_ObjectHideFlags: 0
  m_CorrespondingSourceObject: {fileID: 0}
  m_PrefabInstance: {fileID: 0}
  m_PrefabAsset: {fileID: 0}
  m_GameObject: {fileID: 1928770457}
  m_Enabled: 1
  m_EditorHideFlags: 0
  m_Script: {fileID: 1077351063, guid: f70555f144d8491a825f0804e09c671c, type: 3}
  m_Name: 
  m_EditorClassIdentifier: 
  m_HorizontalAxis: Horizontal
  m_VerticalAxis: Vertical
  m_SubmitButton: Submit
  m_CancelButton: Cancel
  m_InputActionsPerSecond: 10
  m_RepeatDelay: 0.5
  m_ForceModuleActive: 0
--- !u!114 &1928770459
MonoBehaviour:
  m_ObjectHideFlags: 0
  m_CorrespondingSourceObject: {fileID: 0}
  m_PrefabInstance: {fileID: 0}
  m_PrefabAsset: {fileID: 0}
  m_GameObject: {fileID: 1928770457}
  m_Enabled: 1
  m_EditorHideFlags: 0
  m_Script: {fileID: -619905303, guid: f70555f144d8491a825f0804e09c671c, type: 3}
  m_Name: 
  m_EditorClassIdentifier: 
  m_FirstSelected: {fileID: 0}
  m_sendNavigationEvents: 1
  m_DragThreshold: 10
--- !u!4 &1928770460
Transform:
  m_ObjectHideFlags: 0
  m_CorrespondingSourceObject: {fileID: 0}
  m_PrefabInstance: {fileID: 0}
  m_PrefabAsset: {fileID: 0}
  m_GameObject: {fileID: 1928770457}
  m_LocalRotation: {x: 0, y: 0, z: 0, w: 1}
  m_LocalPosition: {x: 0, y: 0, z: 0}
  m_LocalScale: {x: 1, y: 1, z: 1}
  m_Children: []
  m_Father: {fileID: 0}
  m_RootOrder: 2
  m_LocalEulerAnglesHint: {x: 0, y: 0, z: 0}
